<?xml version="1.0" encoding="UTF-8"?><record xmlns="http://www.loc.gov/MARC21/slim" xmlns:cinclude="http://apache.org/cocoon/include/1.0" xmlns:zs="http://www.loc.gov/zing/srw/">
  <leader>00537cz  a2200145n  4500</leader>
  <controlfield tag="001">n  87867798 </controlfield>
  <controlfield tag="003">DLC</controlfield>
  <controlfield tag="005">20141210062947.0</controlfield>
  <controlfield tag="008">871027n| azannaab           |a aaa      </controlfield>
  <datafield tag="010" ind1=" " ind2=" ">
    <subfield code="a">n  87867798 </subfield>
  </datafield>
  <datafield tag="040" ind1=" " ind2=" ">
    <subfield code="a">DLC</subfield>
    <subfield code="b">eng</subfield>
    <subfield code="e">rda</subfield>
    <subfield code="c">DLC</subfield>
    <subfield code="d">DLC</subfield>
  </datafield>
  <datafield tag="100" ind1="1" ind2=" ">
    <subfield code="a">Treti︠a︡k, T. P.</subfield>
    <subfield code="q">(Tamila Petrovna)</subfield>
  </datafield>
  <datafield tag="378" ind1=" " ind2=" ">
    <subfield code="q">Tamila Petrovna</subfield>
  </datafield>
  <datafield tag="400" ind1="1" ind2="0">
    <subfield code="a">Treti︠a︡k, Tamila Petrovna</subfield>
  </datafield>
  <datafield tag="670" ind1=" " ind2=" ">
    <subfield code="a">Belostot︠s︡kiĭ, O. B. Rekonstrukt︠s︡ii︠a︡ promyshlennykh predprii︠a︡tiĭ, 1986:</subfield>
    <subfield code="b">t.p. (T. P. Treti︠a︡k) colophon (Tamila Petrovna Treti︠a︡k)</subfield>
  </datafield>
</record>